@article{Laporte2010,
    author = {Laporte, Claude Y and Renault, Alain and Alexandre, Simon},
    journal = {International Organization},
    title = {{The Development of International Standards for Very Small Enterprises History leading to an ISO / IEC Working Group for VSEs}},
    year = {2010}
}

@article{Ramachandram2008,
    author = {Ramachandram, S.},
    doi = {10.1109/ICET.2008.4777518},
    isbn = {978-1-4244-2210-4},
    journal = {2008 4th International Conference on Emerging Technologies},
    pages = {298--303},
    title = {{An evolutionary software product development process for small and medium enterprises (SMEs)}},
    url = {http://ieeexplore.ieee.org/lpdocs/epic03/wrapper.htm?arnumber=4777518},
    year = {2008}
}

@MISC{FelipeDreher2016,
    key          = {FelipeDreher2016},
    author       = {Dreher, Felipe},
    title        = {{Mercado brasileiro de TI deve crescer 2,6 em 2016, afirma IDC}},
    note = {Página Web,
Acesso em Agosto de 2015. Disponível em http://cio.com.br/noticias/2016/01/28/mercado-brasileiro-de-ti-deve-crescer-2-6-em-2016-afirma-idc/} 
}

@MISC{GuiaMPTbr,
    key          = {GuiaMPTbr},
    author       = {SofTEX},
    title        = {{Guia de Referência do Modelo – MPT.Br}},
    note = {Página Web,
Acesso em Março de 2017. Disponível em http://mpt.org.br/mpt/mpt/modelo-de-referencia-e-guia-de-avaliacao/} 
}

@book{PRESSMAN2011,
    author = {PRESSMAN, Roger S.},
    edition = {7},
    publisher = {São Paulo: Pearson Makron Books},
    title = {{Engenharia de Software: uma abordagem profissional}},
    year = {2011}
}

@MISC{Camilo-junior2012,
    key          = {Camilo-junior2012},
    author       = {Camilo-junior, Celso G and Vincenzi, Auri M R and Rodrigues, Cassio and Marcos, Paulo and Louzada, Jailton and Barbosa, Jacson Rodrigues and de Araújo, Adailton Ferreira and Martins, Andressa and Soares, Guilherme Sampaio and Prudente, Malba Jacob and Pessoni, Vinicius Vieira},
    title        = {{FreeTest - Processo de Teste de Sofware para Micro e Pequena Empresas}},
    note = {Página Web,
Acesso em Agosto de 2015. Disponível em http://www.freetest.net.br/conheca-o-freetest/} 
}

@article{Standard2013,
    author = {Standard, International},
    title = {{Iso/iec/ ieee 29119-2}},
    volume = {2013},
    year = {2013}
}

@article{Nina2011,
    author = {Nina, Erika},
    title = {{KITest: Um arcabouço de conhecimento e melhoria de processo de teste}}
}


@article{Araujo2013,
    author = {Araújo, Adailton Ferreira De},
    title = {{Um Arcabouço para Avaliação do Nível de Maturidade em Teste de Software para Micro e Pequenas Empresas}},
    year = {2013}
}

@article{SilvaDias2015,
    author = {De, Ederal and De, Nstituto},
    title = {{Melhoria do Processo de Teste para as Micro e Pequenas Empresas Brasileiras}},
    year = {2015}
}

@incollection{Softex,
    author = {Softex},
    title = {{MPS.Br}},
    url = {http://www.softex.br/mpsbr/}
}

@incollection{cmmi,
    author = {Carnegie Mellon University},
    title = {{CMMI (Capability Maturity Model Integration}},
    url = {https://www.sei.cmu.edu/cmmi/}
}

@book{Mitasiunas2014,
    author = {Mitasiunas, Antanas and Rout, Terry and O'Connor, Rory V and Dorling, Alec},
    title = {{Software Process Improvement and Capability Determination SPICE 2014)}},
    year = {2014}
}

@article{Veenendaal2012,
    author = {Veenendaal, Erik Van},
    title = {{Test Maturity Model Integration (TMMi)}},
    year = {2012}
}

@article{Carlo2010,
    author = {Carlo, Jean and Hauck, Rossa and Salviano, Clenio F},
    number = {May},
    title = {{Systematic Literature Review of Software Process Capability/Maturity Models}},
    year = {2010}
}

@article{BRAGA2015,
    title={Um panorama sobre o uso de práticas DevOps nas indústrias de software},
    author={BRAGA, Filipe Antônio Motta},
    year={2015},
    publisher={Universidade Federal de Pernambuco}
}

@article{Rios,
    author = {Rios, Emerson},
    pages = {1--12},
    title = {{Análise de Riscos em Teste de Software}}
}

@misc{Beck2001,
    isbn = {http://www.agileAlliance.org},
    issn = {10708588},
    pages = {28--35},
    title = {{Agile Manifesto}},
    url = {http://agilemanifesto.org/},
    volume = {9},
    year = {2001}
}

@article{Debois2008,
    author = {Debois, Patrick},
    doi = {10.1109/Agile.2008.42},
    isbn = {9780769533216},
    journal = {Proceedings - Agile 2008 Conference},
    pages = {202--207},
    title = {{Agile infrastructure and operations: How infra-gile are you?}},
    year = {2008}
}
@article{Howlett,
    author = {Howlett, Simon},
    pages = {1--14},
    title = {{TestOps in a DevOps World}}
}

@inproceedings{Fitzgerald2014,
    address = {New York, New York, USA},
    author = {Fitzgerald, Brian and Stol, Klaas-jan},
    booktitle = {Proceedings of the 1st International Workshop on Rapid Continuous Software Engineering - RCoSE 2014},
    doi = {10.1145/2593812.2593813},
    isbn = {9781450328562},
    pages = {1--9},
    publisher = {ACM Press},
    title = {{Continuous software engineering and beyond: trends and challenges}},
    url = {http://dl.acm.org/citation.cfm?doid=2593812.2593813},
    year = {2014}
}

@article{Erich2014,
    author = {Erich, Floris and Amrit, Chintan and Daneva, Maya},
    number = {October},
    title = {{Report: DevOps Literature Review}},
    year = {2014}
}

@book{JamesWhittakerJasonCarollo2012,
    author = {{James Whittaker, Jason Carollo}, Jeff},
    isbn = {9780321803023},
    pages = {314},
    title = {{How Google Tests Software}},
    year = {2012}
}

@article{Especialistas2015,
    author = {Especialistas, Insights De and Kim, Gene},
    title = {{DevOps : Riscos Ocultos e Como Alcançar Resultados}},
    year = {2015}
}

@book{Whittaker2009,
    author = {Whittaker, James},
    isbn = {9780321636416},
    title = {{Exploratory Software Testing}},
    year = {2009}
}

@misc{ABESSofftware2014,    
    author = {{ABES Sofftware}},    
    title = {{Mercado Brasileiro de Software - Panorama e Tendências}},
    url = {http://docplayer.com.br/465036-Mercado-brasileiro-de-software-brazilian-software-market-panorama-e-tendencias-scenario-and-trends.html},
    year = {2014}
}


@book{pmbok2014,
    author = {Project Management Institute, Inc},
    title = {{Project Management Body Of Knowledge (PMBOK Guide)}},
    year = {2009}
}

@article{huttermann2012,
    author = {M, Huttermann},
    title = {{DevOps for Developers: Integrate Development and Operations}},
    year = {2012}
}

@book{myers2004,
    author = {MYERS, G. J.; SANDLER},
    title = {{The Art of Software Testing.}},
    year = {2004}
}

@article{ROYCE1970,
    author = {ROYCE W},
    title = {{Managing the development of large software systems: concepts and techniques}},
    year = {1970}
}

@article{WOOTTON2013,
    author = {WOOTTON B.},
    title = {{Preparing for Continuous Delivery.}},
    year = {2013}
}
@article{ALLSPAW2009,
    author = {ALLSPAW J.; HAMMOND P.},
    title = {{10+ Deploys Per Day: Dev and Ops Cooperation at Flickr.}},
    year = {2009}
}

@MISC{abranet2016,
    key          = {abranet2016},
    author       = {Prescott , Roberta},
    title        = {{Brasil tem 14 mil empresas de TI; maioria de porte micro ou pequeno}},
    note = {Página Web,
Acesso em Dezembro de 2016. Disponível em http://www.abranet.org.br/Noticias/Brasil-tem-14-mil-empresas-de-TI\%3B-maioria-de-porte-micro-ou-pequeno-1211.html#.WO6Sbke1u00}
}

@MISC{abes-software2016,
    key          = {abes-software2016},
    author       = {Associação Brasileira das Empresas de Software, 2016},
    title        = {{Mercado Brasileiro de Software}},
    note = {Página Web,
Acesso em Dezembro de 2016. Disponível em http://central.abessoftware.com.br/Content/UploadedFiles/Arquivos/Dados\%202011/ABES-Publicacao-Mercado-2016.pdf}
}

@MISC{Reenskaug1979,
    key          = {Reenskaug1979},
    author       = {Reenskaug, T.},
    title        = {{Models - Views - Controllers, Technical Note}},
    note = {Página Web,
Acesso em Março de 2017. Disponível em http://heim.ifi.uio.no/~trygver/themes/mvc/mvc-index.html}
}

@MISC{swecom2017,
    key          = {swecom2017},
    author       = {IEEE -  Institute of Electrical and Electronics Engineers},
    title        = {{SWECOM - Software Engineering Competency Model}},
    note = {Página Web,
Acesso em Março de 2017. Disponível em https://www.computer.org/web/peb/swecom}
}


@MISC{estudoDefinicaoAnalisEstatica,
    key          = {estudoDefinicaoAnalisEstatica},
    author       = {Vinícius Rafael Lobo de Mendonça},
    title        = {{Estudo, Definição e Implementação de um Sistema de Recomendação para Priorizar os Avisos Gerados por Ferramentas de Análise Estática}},
    note = {Página Web, Acesso em Março de 2017. Disponível em http://www.inf.ufg.br/}
}

@article{humble2010,
    author = {HUMBLE J.; FARLEY D.},
    title = {{Continuous Delivery: Reliable Software Release Through Build, Test and Deployment Automation.}},
    year = {2010}
}


@article{duvall2011,
    author = {DUVALL M. P.},
    title = {{Continuous Delivery Patterns and AntiPatterns in the Software LifeCycle.}},
    year = {2011}
}


@article{muller2011,
    author = {MULLER, D. F. T.},
    title = {{Certified Tester Foundation Level Syllabus. [S.l.]: Comissão Internacional para Qualificação de Teste de Software}},
    year = {2011}
}

@book{Molyneaux2009,
  Author = {Ian Molyneaux},
  Title = {The Art of Application Performance Testing: Help for Programmers and Quality Assurance},
  Publisher = {O'Reilly Media},
  Year = {2009},
  ISBN = {0596520662},
  URL = {https://www.amazon.com/Art-Application-Performance-Testing-Programmers/dp/0596520662?SubscriptionId=0JYN1NVW651KCA56C102&tag=techkie-20&linkCode=xm2&camp=2025&creative=165953&creativeASIN=0596520662}
}

@book{RUP940320,
 author = {Kruchten, Philippe},
 title = {The Rational Unified Process: An Introduction},
 year = {2003},
 isbn = {0321197704},
 edition = {3},
 publisher = {Addison-Wesley Longman Publishing Co., Inc.},
 address = {Boston, MA, USA},
} 

@article{Castelo2015,
author = {Castelo, Luis Guilherme Gomes Albuquerque dos Santos},
keywords = {graficos e multimedia,lopes martins,orientador,professor doutor antonio constantino},
title = {{Desenvolvimento de Frameworks de Testes Automáticos de Software}},
url = {http://recipp.ipp.pt/bitstream/10400.22/7345/4/DM{\_}LuisGCastelo{\_}2015{\_}MEI.pdf},
year = {2015}
}

@book{ContinuousTestIT,
  Author = {Wayne Ariola and Cynthia Dunlop},
  Title = {Continuous Testing},
  Publisher = {CreateSpace Independent Publishing Platform},
  Year = {2014},
  ISBN = {1494859750},
  URL = {https://www.amazon.com/Continuous-Testing-Wayne-Ariola/dp/1494859750?SubscriptionId=0JYN1NVW651KCA56C102&tag=techkie-20&linkCode=xm2&camp=2025&creative=165953&creativeASIN=1494859750}
}

@article{salf2003,
author = {SALF; ERNST.},
keywords = {continuous testing},
title = {{Reducing wasted development time via continuous testing}},
year = {2003}
}

@article{sauceLabes2017,
author = {Sauce Labs},
keywords = {continuous testing},
title = {{The devops journey: From water fall to continuous delivery}},
year = {2017}
}


@article{ieee829,
    author = {IEEE Std 829-2008},
    keywords = {software testing},
    title = {{IEEE Standard for Software and System Test}}, 
    year={2008}
}

% Técnicas de Estimativa

@misc{Cohn2005,
author = {Cohn, Mike},
title = {{Agile Estimating and Planning}},
url = {https://www.planningpoker.com/},
year = {2005}
}

@book{Pomodoro2014,
  title={The pomodoro technique},
  author={Cirillo, Francesco},
  year={2014},
  publisher={Simon and Schuster}
}

@book{Pert1998,
  title={Pert/Cpm},
  author={Prado, Darci},
  year={1998},
  publisher={Editora de Desenvolvimento Gerencial}
}


%% Ferramentas

@misc{Redmine,
    title = {{RedMine - Project management web application}},
    note = {Página Web, Acesso em Março de 2017. Disponível em https://www.redmine.org}
}

@misc{OpenProject,
    title = {{OpenProject - Project management web application}},
    note = {Página Web, Acesso em Março de 2017. Disponível em https://www.openproject.org/}
}

@misc{RedmineUP,
    title = {{RedMineUP - Agile Project Management}},
    note = {Página Web, Acesso em Março de 2017. Disponível em https://www.redmineup.com}
}


@misc{TestLink,
    title = {{TestLink - Open Source Test Management}},
    note = {Página Web, Acesso em Março de 2017. Disponível em http://testlink.org/}
}

@misc{Docker,
    title = {{Docker - Software Container Platform}},
    note = {Página Web, Acesso em Março de 2017. Disponível em https://www.docker.com/}
}

@misc{Puppet,
    title = {{Puppet - Container Platform}},
    note = {Página Web, Acesso em Março de 2017. Disponível em https://puppet.com/}
}

@misc{Vagrant,
    title = {{Vagrant - Building and managing virtual machine environments}},
    note = {Página Web, Acesso em Março de 2017. Disponível em https://www.vagrantup.com}
}

@misc{Mantis,
    title = {{Mantis - BugTracker}},
    note = {Página Web, Acesso em Março de 2017. Disponível em https://www.mantisbt.org/}
}

@misc{Bitbucket,
    title = {{Bitbucket - Development Platform}},
    note = {Página Web, Acesso em Março de 2017. Disponível em https://bitbucket.org}
}

@misc{GitHub,
    title = {{GitHub - Development Platform}},
    note = {Página Web, Acesso em Março de 2017. Disponível em https://github.com/}
}

@misc{PMD,
    title = {{PMD - Source Code Analyzer}},
    note = {Página Web, Acesso em Março de 2017. Disponível em https://pmd.github.io/}
}

@misc{FindBugs,
    title = {{FindBugs - Souce Code Analyzer}},
    note = {Página Web, Acesso em Março de 2017. Disponível em http://findbugs.sourceforge.net/}
}


@misc{CheckStyle,
    title = {{CheckStyle - Source Code Analyzer}},
    note = {Página Web, Acesso em Março de 2017. Disponível em http://checkstyle.sourceforge.net/}
}


@misc{SonarQube,
    title = {{SonarQube - Source Code Analyzer}},
    note = {Página Web, Acesso em Março de 2017. Disponível em https://www.sonarqube.org/}
}

@misc{WikiMedia,
    title = {{WikiMedia - Open Source Wiki Tool}},
    note = {Página Web, Acesso em Março de 2017. Disponível em https://commons.wikimedia.org/wiki/Main_Page}
}

@misc{Doku,
    title = {{Doku - Open Source Wiki Tool}},
    note = {Página Web, Acesso em Março de 2017. Disponível em https://www.dokuwiki.org/dokuwiki#}
}

@misc{Selenium,
    title = {{Selenium Webdriver - Automation Tool}},
    note = {Página Web, Acesso em Março de 2017. Disponível em http://www.seleniumhq.org/projects/webdriver/}
}

@misc{Watir,
    title = {{Watir -Open source Ruby library for automating tests}},
    note = {Página Web, Acesso em Março de 2017. Disponível em https://watir.github.io/}
}

@misc{Casper,
    title = {{CasperJS allows you to build full navigation scenarios}},
    note = {Página Web, Acesso em Março de 2017. Disponível em http://casperjs.org/}
}

@misc{Phantom,
    title = {{PhantomJS is a headless WebKit scriptable with a JavaScript API.}},
    note = {Página Web, Acesso em Março de 2017. Disponível em http://phantomjs.org/}
}

@misc{Jenkins,
    title = {{Jenkins - Continuous Integration Tool}},
    note = {Página Web, Acesso em Março de 2017. Disponível em https://jenkins.io/}
}

@misc{JMeter,
    title = {{JMeter - Load test functional behavior and measure performance testing tool}},
    note = {Página Web, Acesso em Março de 2017. Disponível em http://jmeter.apache.org/}
}